@BOOK{reinfbook,
	author = "Richard S. Sutton and Andrew G. Barto",
	title = "Reinforcement Learning: An Introduction",
	publisher = "The MIT Press",
	address = "London, England",
	year = "2012"
}

@ARTICLE{lqrart,
	author = "Frank L. Lewis, Draguna Vrabie and Kyriakos G. Vamvoudakis",
	title = "Reinforcement Learning and Feedback Control",
	journal = "IEEE Control Systems Magazine",
	month = "November",
	year = "2012",
	pages = "76-105"
}

@INBOOK{reinfel,
	author = "Richard S. Sutton and Andrew G. Barto",
	title = "Reinforcement Learning: An Introduction",
	pages = "7-10",
	publisher = "The MIT Press",
	year = "2012"
}