%% This BibTeX bibliography file was created using BibDesk.
%% http://bibdesk.sourceforge.net/

%% Created for Daniel Lee at 2016-12-07 12:43:09 +0000 


%% Saved with string encoding Unicode (UTF-8) 



@book{reinf-book,
	Author = {Richard S. Sutton and Andrew G. Barto},
	Date-Added = {2016-12-07 12:38:20 +0000},
	Date-Modified = {2016-12-07 12:42:13 +0000},
	Publisher = {The MIT Press},
	Title = {Reinforcement Learning: An Introduction},
	Year = {2012}}
